<?xml version="1.0" encoding="UTF-8"?>
<collection xmlns:xsi="http://www.w3.org/2001/XMLSchema-instance" xsi:schemaLocation="http://www.loc.gov/MARC21/slim http://www.loc.gov/standards/marcxml/schema/MARC21slim.xsd" xmlns="http://www.loc.gov/MARC21/slim">
<record>
  <leader>01492cam a2200349I  4500</leader>
  <controlfield tag="001">6952316</controlfield>
  <controlfield tag="003">NNC</controlfield>
  <controlfield tag="005">20130501202946.0</controlfield>
  <controlfield tag="008">020416s1935    ua k          000 0 ara  </controlfield>
  <datafield tag="010" ind1=" " ind2=" ">
    <subfield code="a">   61020377 </subfield>
  </datafield>
  <datafield tag="035" ind1=" " ind2=" ">
    <subfield code="a">(OCoLC)ocm49597344</subfield>
  </datafield>
  <datafield tag="035" ind1=" " ind2=" ">
    <subfield code="a">(OCoLC)49597344</subfield>
  </datafield>
  <datafield tag="035" ind1=" " ind2=" ">
    <subfield code="a">(NNC)6952316</subfield>
  </datafield>
  <datafield tag="040" ind1=" " ind2=" ">
    <subfield code="a">DLC</subfield>
    <subfield code="c">TEF</subfield>
  </datafield>
  <datafield tag="050" ind1=" " ind2="4">
    <subfield code="a">KRM15</subfield>
    <subfield code="b">.E38 1935</subfield>
  </datafield>
  <datafield tag="066" ind1=" " ind2=" ">
    <subfield code="c">(3</subfield>
  </datafield>
  <datafield tag="110" ind1="1" ind2=" ">
    <subfield code="6">880-01</subfield>
    <subfield code="a">Egypt.</subfield>
  </datafield>
  <datafield tag="245" ind1="1" ind2="3">
    <subfield code="6">880-02</subfield>
    <subfield code="a">al-Dalīl al-murshid fī al-qawānīn wa-al-awāmir wa-al-manshūrāt lil-Maḥākim al-Sharʻīyah wa-al-Majālis al-Ḥasbīyah,</subfield>
    <subfield code="c">jamaʻahu wa-ratabahu Muḥammad al-Gharīb.</subfield>
  </datafield>
  <datafield tag="260" ind1=" " ind2=" ">
    <subfield code="6">880-03</subfield>
    <subfield code="a">Miṣr,</subfield>
    <subfield code="b">Maṭbaʻat al-Naṣr,</subfield>
    <subfield code="c">1935.</subfield>
  </datafield>
  <datafield tag="300" ind1=" " ind2=" ">
    <subfield code="a">520 p.</subfield>
    <subfield code="b">forrms.</subfield>
    <subfield code="c">28 cm.</subfield>
  </datafield>
  <datafield tag="500" ind1=" " ind2=" ">
    <subfield code="a">Addenda slips inserted.</subfield>
  </datafield>
  <datafield tag="610" ind1="1" ind2="0">
    <subfield code="6">880-04</subfield>
    <subfield code="a">Egypt.</subfield>
    <subfield code="b">Maḥākim al Sharʻīyah.</subfield>
  </datafield>
  <datafield tag="610" ind1="1" ind2="0">
    <subfield code="6">880-05</subfield>
    <subfield code="a">Egypt.</subfield>
    <subfield code="b">Majālis al-Ḥasbīyah.</subfield>
  </datafield>
  <datafield tag="700" ind1="1" ind2=" ">
    <subfield code="6">880-06</subfield>
    <subfield code="a">Gharīb, Muḥammad,</subfield>
    <subfield code="e">editor.</subfield>
  </datafield>
  <datafield tag="880" ind1="1" ind2=" ">
    <subfield code="6">110-01/(3/r</subfield>
    <subfield code="a">مصر.</subfield>
  </datafield>
  <datafield tag="880" ind1="1" ind2="2">
    <subfield code="6">245-02/(3/r</subfield>
    <subfield code="a">الدليل المرشد في القوانين والاوامر والمنشورات للمحاكم الشرعية والمجالس الحسبية،</subfield>
    <subfield code="c">جمعه ورتبه محمد الغريب.</subfield>
  </datafield>
  <datafield tag="880" ind1=" " ind2=" ">
    <subfield code="6">260-03/(3/r</subfield>
    <subfield code="a">مصر،</subfield>
    <subfield code="b">مطبعة النصر،</subfield>
    <subfield code="c">1935.</subfield>
  </datafield>
  <datafield tag="880" ind1="1" ind2="0">
    <subfield code="6">610-04/(3/r</subfield>
    <subfield code="a">مصر.</subfield>
    <subfield code="b">محاكم ال شرعية.</subfield>
  </datafield>
  <datafield tag="880" ind1="2" ind2="0">
    <subfield code="6">610-05/(3/r</subfield>
    <subfield code="a">مصر.</subfield>
    <subfield code="b">مجالس الحسبية.</subfield>
  </datafield>
  <datafield tag="880" ind1="1" ind2=" ">
    <subfield code="6">700-06/(3/r</subfield>
    <subfield code="a">غريب، محمد،</subfield>
    <subfield code="e">ط.</subfield>
  </datafield>
  <datafield tag="955" ind1=" " ind2=" ">
    <subfield code="b">0026812100</subfield>
    <subfield code="d">glx</subfield>
    <subfield code="e">962 Eg9895</subfield>
  </datafield>
</record>
</collection>